<?xml version="1.0" encoding="UTF-8"?>
<record xmlns="http://www.loc.gov/MARC21/slim">
   <leader>01467cam a2200289 a 4500</leader>
   <controlfield tag="001">442742</controlfield>
   <controlfield tag="003">NjP</controlfield>
   <controlfield tag="005">20180125114718.0</controlfield>
   <controlfield tag="008">880506r19841968ir       b    00010 ara d</controlfield>
   <datafield tag="024" ind1="7" ind2=" ">
      <subfield code="a">princeton_aco003317</subfield>
      <subfield code="2">local</subfield>
   </datafield>
   <datafield ind1=" " ind2=" " tag="035">
      <subfield code="a">(OCoLC)27886089</subfield>
   </datafield>
   <datafield ind1=" " ind2=" " tag="035">
      <subfield code="a">(CStRLIN)NJPG88-B23671</subfield>
   </datafield>
   <datafield ind1=" " ind2=" " tag="035">
      <subfield code="9">ACB8362TS</subfield>
   </datafield>
   <datafield ind1=" " ind2=" " tag="040">
      <subfield code="a">NjP</subfield>
      <subfield code="c">NjP</subfield>
   </datafield>
   <datafield ind1="1" ind2=" " tag="100">
      <subfield code="a">Murawwij, Muḥammad Jaʻfar al-Jazāʾirī.</subfield>
   </datafield>
   <datafield ind1="1" ind2="0" tag="245">
      <subfield code="a">Muntahá al-dirāyah fī tawḍīḥ al-Kifāyah /</subfield>
      <subfield code="c">taʾlīf Muḥammad Jaʻfar al-Jazāʾirī al-Murawwij.</subfield>
   </datafield>
   <datafield ind1=" " ind2=" " tag="260">
      <subfield code="a">[Qum :</subfield>
      <subfield code="b">Maṭbaʻat al-Khayyām,</subfield>
      <subfield code="c">1405-1412 [1984 or 1985-1991 or 1992]</subfield>
   </datafield>
   <datafield ind1=" " ind2=" " tag="300">
      <subfield code="a">8 v. ;</subfield>
      <subfield code="c">25 cm.</subfield>
   </datafield>
   <datafield ind1=" " ind2=" " tag="500">
      <subfield code="a">Title page partially vocalized.</subfield>
   </datafield>
   <datafield ind1=" " ind2=" " tag="500">
      <subfield code="a">Publishing information from v. 5.</subfield>
   </datafield>
   <datafield ind1=" " ind2=" " tag="500">
      <subfield code="a">Vol. 3. has edition statement: al-Ṭabʻah 2; vol. 5 has statement: al-Ṭabʻah 5 -- Vols. 6-8 have edition statement: al-Ṭabʻah 1</subfield>
   </datafield>
   <datafield ind1=" " ind2=" " tag="504">
      <subfield code="a">Includes bibliographical references.</subfield>
   </datafield>
   <datafield ind1=" " ind2=" " tag="534">
      <subfield code="p">Reprint. Originally published:</subfield>
      <subfield code="c">[Qum] : Maṭbaʻat al-Najaf, 1388 [1968 or 1969].</subfield>
   </datafield>
   <datafield ind1="1" ind2="0" tag="600">
      <subfield code="a">Khurāsānī, Muḥammad Kāẓim,</subfield>
      <subfield code="d">1839 or 1840-1911.</subfield>
      <subfield code="t">Kifāyat al-uṣūl.</subfield>
   </datafield>
   <datafield ind1=" " ind2="0" tag="650">
      <subfield code="a">Islamic law</subfield>
      <subfield code="x">Interpretation and construction.</subfield>
      <subfield code="0">http://id.loc.gov/authorities/subjects/sh85068455</subfield>
   </datafield>
   <datafield ind1="1" ind2="2" tag="700">
      <subfield code="a">Khurāsānī, Muḥammad Kāẓim,</subfield>
      <subfield code="d">1839 or 1840-1911.</subfield>
      <subfield code="t">Kifāyat al-uṣūl.</subfield>
      <subfield code="0">http://id.loc.gov/authorities/names/nr90005564</subfield>
   </datafield>
   <datafield ind1=" " ind2=" " tag="998">
      <subfield code="a">03/29/93</subfield>
      <subfield code="s">9118</subfield>
      <subfield code="n">NjP</subfield>
      <subfield code="w">NJPG88B23671</subfield>
      <subfield code="d">05/06/88</subfield>
      <subfield code="c">JEB</subfield>
      <subfield code="b">JEB</subfield>
      <subfield code="i">930329</subfield>
      <subfield code="l">NJPG</subfield>
   </datafield>
   <datafield ind1=" " ind2=" " tag="911">
      <subfield code="a">19930408</subfield>
   </datafield>
   <datafield ind1=" " ind2=" " tag="912">
      <subfield code="a">19980506051849.0</subfield>
   </datafield>
   <datafield ind1="8" ind2="1" tag="852">
      <subfield code="0">482045</subfield>
      <subfield code="b">rcppa</subfield>
      <subfield code="t">1</subfield>
      <subfield code="h">KBL</subfield>
      <subfield code="i">.M862</subfield>
      <subfield code="x">tr fr arab</subfield>
   </datafield>
   <datafield ind1=" " ind2="0" tag="866">
      <subfield code="0">482045</subfield>
      <subfield code="8">0</subfield>
      <subfield code="a">juzʾ 1-8</subfield>
   </datafield>
   <datafield ind1=" " ind2=" " tag="959">
      <subfield code="a">2000-06-13 00:00:00 -0400</subfield>
   </datafield>
</record>
